% Nova bibliografia 
% No Mendeley, copiar como BibTex Entry
@article{Gregerson2003,
author = {Gregerson, Laura N. and Baldridge, Kim K.},
journal = {H. Chimica Acta},
title = {{Outlying Charge, Stability, Efficiency, and Algorithmic Enhancements in the Quantum-Mechanical Solvation Method, COSab-GAMESS}},
month = {dec},
number = {12},
pages = {4112--4132},
volume = {86},
year = {2003}
}
@article{Gerber2010,
author = {Gerber, Renan P. and Soares, Rafael {\relax de P}},
title = {{Prediction of infinite-dilution activity coefficients using {UNIFAC} and {COSMO-SAC} variants}},
journal = {Ind. Eng. Chem. Res.},
number = {16},
pages = {7488-7496},
volume = {49},
year = {2010}
}
@article{Flores2016,
author = {Fl{\^{o}}res, Guilherme Braganholo and Staudt, Paula Bettio and Soares, Rafael De Pelegrini},
doi = {10.1016/j.fluid.2016.02.043},
file = {:home/gbflores/Desktop/Untitled Folder/1-s2.0-S037838121630108X-main.pdf:pdf},
issn = {03783812},
journal = {Fluid Phase Equilibria},
keywords = {activity coefficient,dispersion,excess enthalpy,f-sac,heat of vaporization},
pages = {10--11},
publisher = {Elsevier Ltd},
title = {{Including dispersive interations in the F-SAC model}},
url = {http://dx.doi.org/10.1016/j.fluid.2016.02.043},
year = {2016}
}
@article{Soares2013,
author = {Soares, Rafael {\relax de P} and Gerber, Renan P. and Possani, Luiz F. K. and Staudt, Paula B.},
doi = {10.1021/ie4013979},
journal = {Ind. Eng. Chem. Res.},
number = {32},
pages = {11172--11181},
title = {{Functional-Segment Activity Coefficient Model. 2. Associating Mixtures}},
volume = {52},
year = {2013}
}

